<?xml version="1.0" encoding="UTF-8"?><record xmlns="http://www.loc.gov/MARC21/slim" xmlns:cinclude="http://apache.org/cocoon/include/1.0" xmlns:zs="http://www.loc.gov/zing/srw/">
  <leader>00540nz  a2200133n  4500</leader>
  <controlfield tag="001">no2007030950</controlfield>
  <controlfield tag="003">DLC</controlfield>
  <controlfield tag="005">20070322075244.0</controlfield>
  <controlfield tag="008">070319n| acannaabn          |n aaa     c</controlfield>
  <datafield tag="010" ind1=" " ind2=" ">
    <subfield code="a">no2007030950</subfield>
  </datafield>
  <datafield tag="035" ind1=" " ind2=" ">
    <subfield code="a">(OCoLC)oca07360193</subfield>
  </datafield>
  <datafield tag="040" ind1=" " ind2=" ">
    <subfield code="a">NjBlaOCU</subfield>
    <subfield code="b">eng</subfield>
    <subfield code="c">NjBlaOCU</subfield>
  </datafield>
  <datafield tag="100" ind1="1" ind2=" ">
    <subfield code="a">Llorente, Maria D.</subfield>
  </datafield>
  <datafield tag="670" ind1=" " ind2=" ">
    <subfield code="a">Psychiatric disorders and diabetes mellitus, 2007:</subfield>
    <subfield code="b">t.p. (Maria D. Llorente, MD; Mental Health and Behavioral Science Service, Miami VA Healthcare system, Dept. of Psychiatry and Behavioral Science, Miller Sch. of Med., Univ. of Miami)</subfield>
  </datafield>
</record>